%%% BRIAN %%%

@ARTICLE{Farris14,
    author = {{Farris}, B.~D. and {Duffell}, P. and {MacFadyen}, A.~I. and 
        {Haiman}, Z.},
    title = "{Binary Black Hole Accretion from a Circumbinary Disk: Gas Dynamics inside the Central Cavity}",
    journal = {\apj},
    archivePrefix = "arXiv",
    eprint = {1310.0492},
    primaryClass = "astro-ph.HE",
    keywords = {accretion, accretion disks, black hole physics},
    year = 2014,
    month = mar,
    volume = 783,
    eid = {134},
    pages = {134},
    doi = {10.1088/0004-637X/783/2/134},
    adsurl = {http://adsabs.harvard.edu/abs/2014ApJ...783..134F},
    adsnote = {Provided by the SAO/NASA Astrophysics Data System}
}

@ARTICLE{Farris15A,
    author = {{Farris}, B.~D. and {Duffell}, P. and {MacFadyen}, A.~I. and {Haiman}, Z.},
    title = "{Characteristic signatures in the thermal emission from accreting binary black holes}",
    journal = {\mnras},
    archivePrefix = "arXiv",
    eprint = {1406.0007},
    primaryClass = "astro-ph.HE",
    keywords = {black hole physics, gravitational waves},
    year = 2015,
    month = jan,
    volume = 446,
    pages = {L36-L40},
    doi = {10.1093/mnrasl/slu160},
    adsurl = {http://adsabs.harvard.edu/abs/2015MNRAS.446L..36F},
    adsnote = {Provided by the SAO/NASA Astrophysics Data System}
}

@ARTICLE{Farris15B,
    author = {{Farris}, B.~D. and {Duffell}, P. and {MacFadyen}, A.~I. and {Haiman}, Z.},
    title = "{Binary black hole accretion during inspiral and merger}",
    journal = {\mnras},
    archivePrefix = "arXiv",
    eprint = {1409.5124},
    primaryClass = "astro-ph.HE",
    keywords = {accretion, accretion discs, black hole physics, hydrodynamics},
    year = 2015,
    month = feb,
    volume = 447,
    pages = {L80-L84},
    doi = {10.1093/mnrasl/slu184},
    adsurl = {http://adsabs.harvard.edu/abs/2015MNRAS.447L..80F},
    adsnote = {Provided by the SAO/NASA Astrophysics Data System}
}

%%% PAUL %%%

@ARTICLE{Duffell12,
    author = {{Duffell}, P.~C. and {MacFadyen}, A.~I.},
    title = "{Global Calculations of Density Waves and Gap Formation in Protoplanetary Disks Using a Moving Mesh}",
    journal = {\apj},
    archivePrefix = "arXiv",
    eprint = {1202.5608},
    primaryClass = "astro-ph.EP",
    keywords = {hydrodynamics, methods: numerical, planet-disk interactions, planets and satellites: formation, protoplanetary disks},
    year = 2012,
    month = aug,
    volume = 755,
    eid = {7},
    pages = {7},
    doi = {10.1088/0004-637X/755/1/7},
    adsurl = {http://adsabs.harvard.edu/abs/2012ApJ...755....7D},
    adsnote = {Provided by the SAO/NASA Astrophysics Data System}
}

@ARTICLE{Duffell13,
    author = {{Duffell}, P.~C. and {MacFadyen}, A.~I.},
    title = "{Gap Opening by Extremely Low-mass Planets in a Viscous Disk}",
    journal = {\apj},
    archivePrefix = "arXiv",
    eprint = {1302.1934},
    primaryClass = "astro-ph.EP",
    keywords = {hydrodynamics, methods: numerical, planet-disk interactions, planets and satellites: formation, protoplanetary disks},
    year = 2013,
    month = may,
    volume = 769,
    eid = {41},
    pages = {41},
    doi = {10.1088/0004-637X/769/1/41},
    adsurl = {http://adsabs.harvard.edu/abs/2013ApJ...769...41D},
    adsnote = {Provided by the SAO/NASA Astrophysics Data System}
}

@ARTICLE{Duffell14,
    author = {{Duffell}, P.~C. and {Haiman}, Z. and {MacFadyen}, A.~I. and 
    {D'Orazio}, D.~J. and {Farris}, B.~D.},
    title = "{The Migration of Gap-opening Planets is Not Locked to Viscous Disk Evolution}",
    journal = {\apjl},
    archivePrefix = "arXiv",
    eprint = {1405.3711},
    primaryClass = "astro-ph.EP",
    keywords = {accretion, accretion disks, black hole physics, gravitational waves, hydrodynamics, planet-disk interactions, planets and satellites: formation },
    year = 2014,
    month = sep,
    volume = 792,
    eid = {L10},
    pages = {L10},
    doi = {10.1088/2041-8205/792/1/L10},
    adsurl = {http://adsabs.harvard.edu/abs/2014ApJ...792L..10D},
    adsnote = {Provided by the SAO/NASA Astrophysics Data System}
}
